@misc{jimenez-2019,
	author = {Jiménez, Juan Diego Pérez},
	month = {1},
	title = {{Qué es HTML5}},
	year = {2019},
	url = {https://openwebinars.net/blog/que-es-html5},
}
@misc{varangouli-2023,
	author = {Varangouli, Erika},
	month = {1},
	title = {{Lista de tags HTML: hoja de trucos HTML. ¿Qué son y para qué sirven?}},
	year = {2023},
	url = {https://es.semrush.com/blog/lista-de-html-tags},
}
@misc{brandominus-creatividad-estrategica-no-date,
	author = {Brandominus Creatividad estrategica},
	title = {{Listado de elementos o etiquetas HTML5}},
	url = {https://www.brandominus.com/manuales/manual_html5.pdf},
}