@misc{b-2023,
	author = {B, Gustavo and B, Gustavo},
	month = {1},
	title = {{¿Qué es CSS?}},
	year = {2023},
	url = {https://www.hostinger.com/mx/tutoriales/que-es-css},
}
@misc{unknown-author-no-date,
	title = {{CSS}},
	url = {https://developer.mozilla.org/es/docs/Web/CSS},
}
@misc{unknown-author-2022,
	month = {6},
	title = {{¿Qué es CSS? Explicamos el Cascading Style Sheets (CSS)}},
	year = {2022},
	url = {https://www.ionos.mx/digitalguide/paginas-web/diseno-web/que-es-css},
}